<record><leader>00000cas a22000007a 4500</leader><controlfield tag="001">20214908</controlfield><controlfield tag="008">890818d19851985lauwr ne      0    0eng d</controlfield><datafield ind1=" " ind2=" " tag="010"><subfield code="a">sn 89059318 </subfield></datafield><datafield ind1=" " ind2=" " tag="040"><subfield code="a">LNP</subfield><subfield code="b">eng</subfield><subfield code="c">LNP</subfield><subfield code="d">NSD</subfield><subfield code="d">OCLCQ</subfield></datafield><datafield ind1=" " ind2=" " tag="042"><subfield code="a">msc</subfield></datafield><datafield ind1="0" ind2="0" tag="245"><subfield code="a">Pierre Part Belle River news letter.</subfield></datafield><datafield ind1=" " ind2=" " tag="260"><subfield code="a">[Pierre Part, La. :</subfield><subfield code="b">s.n.]</subfield></datafield><datafield ind1=" " ind2=" " tag="300"><subfield code="a">v.</subfield></datafield><datafield ind1=" " ind2=" " tag="310"><subfield code="a">Weekly</subfield></datafield><datafield ind1="0" ind2=" " tag="362"><subfield code="a">Vol. 2, issue 4 (Jan. 23, 1985)-v. 2, issue 15 (Apr. 10, 1985).</subfield></datafield><datafield ind1=" " ind2=" " tag="752"><subfield code="a">United States</subfield><subfield code="b">Louisiana</subfield><subfield code="c">Assumption</subfield><subfield code="d">Pierre Part.</subfield></datafield><datafield ind1=" " ind2=" " tag="752"><subfield code="a">United States</subfield><subfield code="b">Louisiana</subfield><subfield code="c">Assumption</subfield><subfield code="d">Belle River.</subfield></datafield><datafield ind1="0" ind2="0" tag="780"><subfield code="t">Pierre Part news letter</subfield><subfield code="w">(DLC)sn 89059319</subfield></datafield><datafield ind1="0" ind2="0" tag="785"><subfield code="t">Cajun gazette (Pierre Part, La.)</subfield><subfield code="x">1067-8921</subfield><subfield code="w">(DLC)sn 89059317</subfield><subfield code="w">(OCoLC)20214892</subfield></datafield></record>